<?xml version="1.0" encoding="UTF-8"?><collection xmlns="http://www.loc.gov/MARC21/slim"><record><leader>00379nam--2200121-i-4500</leader><controlfield tag="001">000007497</controlfield><controlfield tag="002">20161230</controlfield><controlfield tag="005">20161230201027</controlfield><controlfield tag="008">060222s1000------------r-----000-0-eng-d</controlfield><datafield ind1=" " ind2=" " tag="020"><subfield code="a">724 P</subfield></datafield><datafield ind1=" " ind2=" " tag="245"><subfield code="a">1965 book of astm standards. with related mate rial. part 31. metallography</subfield></datafield><datafield ind1=" " ind2=" " tag="260"><subfield code="a">Nondestructive T Esting</subfield></datafield><datafield ind1=" " ind2=" " tag="490"><subfield code="a">Philadelphia, American Soc.For Testing And Mat Erials, 1965</subfield></datafield></record></collection>